<?xml version="1.0" encoding="UTF-8"?><collection xmlns="http://www.loc.gov/MARC21/slim"><record><leader>00331nam--2200133-i-4500</leader><controlfield tag="001">000003869</controlfield><controlfield tag="002">20161230</controlfield><controlfield tag="005">20161230201025</controlfield><controlfield tag="008">060222s1000------------r-----000-0-eng-d</controlfield><datafield ind1=" " ind2=" " tag="080"><subfield code="a">621.785.7</subfield></datafield><datafield ind1=" " ind2=" " tag="100"><subfield code="a">Bogacev, I.N. Si Permeakov, V.G</subfield></datafield><datafield ind1=" " ind2=" " tag="245"><subfield code="a">Revenirea otelului calit</subfield></datafield><datafield ind1=" " ind2=" " tag="260"><subfield code="a">Bucuresti, I.D.T., 1950. 94 P</subfield></datafield><datafield ind1=" " ind2=" " tag="852"><subfield code="a">2777</subfield></datafield></record></collection>